
@article{ref:article,
author = {Ceschia, Sara and Dang, Nguyen and De Causmaecker, Patrick and Haspeslagh, Stefaan and Schaerf, Andrea},
year = {2019},
month = {03},
pages = {},
title = {The Second International Nurse Rostering Competition},
volume = {274},
journal = {Annals of Operations Research},
doi = {10.1007/s10479-018-2816-0}
}

@book{ref:LibroFabio,
  title={Fondamenti di Ricerca Operativa},
  author={Schoen, F.},
  isbn={9781105494963},
  url={https://books.google.it/books?id=ozOcAwAAQBAJ},
  year={2012},
  publisher={Lulu.com}
}

@book{ref:IntroLinearOptimization,
author = {Bertsimas, Dimitris and Tsitsiklis, John},
title = {Introduction to Linear Optimization},
year = {1997},
isbn = {1886529191},
publisher = {Athena Scientific},
edition = {1st}
}

@book{ref:IntroMatProg,
  title={Introduction to Mathematical Programming},
  author={Hillier, F.S. and Lieberman, G.J.},
  isbn={9780070480278},
  lccn={89049756},
  series={McGraw-Hill series in industrial engineering and management science},
  url={https://books.google.it/books?id=Hw9DAQAAIAAJ},
  year={1995},
  publisher={McGraw-Hill}
}

@misc{ref:Gurobi,
  title={Gurobi},
  howpublished={\url{https://www.gurobi.com}},
}

@misc{ref:Django,
  title={Django},
  howpublished={\url{https://www.djangoproject.com}},
}

@misc{ref:Django,
  title={Django},
  howpublished={\url{https://www.djangoproject.com}},
}

